@article{UnrelingXunleiKankan,
  title={Unreeling Xunlei Kankan: Understanding Hybrid
CDN-P2P Video-on-Demand Streaming},
  author={Ge Zhang, Wei Liu, Xiaojun Hei, and Wenqing Cheng},
  journal={IEEE Transactions on Multimedia},
  volume={17},
  number={2},
  pages={229--242},
  year={2014},
  publisher={IEEE Transactions on Multimedia}
}
